%%%%%%%%%%%%%%%%%%%%%%%%%%%%%%%%%%%%%%%%%%%%%%%%%%%%%%%%%%%%%%%%%%%%%%
% refs.bib
% Template para Bibtex para proyecto de fin de curso de Sistemas Embebidos para Tiempo Real
% para utilizar con la librería IEEEtran, para más detalles concultar archivo  IEEEtran_bst_HOWTO.pdf
%
% Version 1.0 (IIE-FING-UDELAR)
% * Version inicial
%
%-- Leonardo Barboni, Julián Oreggioni
%    lbarbonifing.edu.uy, julianofing.edu.uy
%
%%%%%%%%%%%%%%%%%%%%%%%%%%%%%%%%%%%%%%%%%%%%%%%%%%%%%%%%%%%%%%%%%%%%%%




%%%%%%%%%%%%%%%%%%%%%%%%%%%%%%%%%%%%%%%%%%%%%%%%%%%%%%%%%%%%%%%%%%%%
% Proyectos de sisem, PFC, tesis de maestría (para tesis de doctorado tiene su propia entrada
%%%%%%%%%%%%%%%%%%%%%%%%%%%%%%%%%%%%%%%%%%%%%%%%%%%%%%%%%%%%%%%%%%%%
@mastersthesis{arbio2015,
  author = {Arbio, F. and López, F. and Pereyra, M.},
  title  = {{WSNvision}},
  school = {Universidad de la República (Uruguay). Facultad de Ingeniería.},
  year   = {2015},
  type   = {Proyecto de fin de Carrera},
  url    = {https://hdl.handle.net/20.500.12008/5235}
}

@mastersthesis{facal2017,
  author = {Facal, J. and Gammarano, N. and Gurevich, A.},
  title  = {Plataforma embebida de base para proyecto de fin de carrera {MedAcel}},
  school = {Universidad de la República (Uruguay). Facultad de Ingeniería.},
  year   = {2017},
  type   = {Proyecto de fin de Curso SiSem},
  url    = {https://eva.fing.edu.uy/pluginfile.php/66263/mod_page/content/38/ProcessAccelMemoria.pdf}
}

@mastersthesis{Olloniego2019,
  author = {Olloniego, N. and Porto, M. and Rodriguez, A.},
  title  = {{Smart-SUN}},
  type   = {Proyecto de fin de Curso SiSem},
  school = {Universidad de la República (Uruguay). Facultad de Ingeniería.},
  year   = {2019},
  url    = {https://eva.fing.edu.uy/pluginfile.php/66263/mod_page/content/38/G1SmartSUN.pdf}
}

@mastersthesis{Iglesias2019,
  author = {Iglesias, M. and Sanchez, J. and Rolon, M.},
  title  = {{SISEST}},
  school = {Universidad de la República (Uruguay). Facultad de Ingeniería.},
  year   = {2019},
  type   = {Proyecto de fin de Curso SiSem},
  url    = {https://eva.fing.edu.uy/pluginfile.php/66263/mod_page/content/38/G2SISEST.pdf}
}

@mastersthesis{Bentancour2018,
  author = {Bentancour, J. and {de Soto}, R. and Gil, M.},
  title  = {{Insulogger}},
  school = {Universidad de la República (Uruguay). Facultad de Ingeniería.},
  year   = {2018},
  type   = {Proyecto de fin de Curso SiSem},
  url    = {https://eva.fing.edu.uy/pluginfile.php/66263/mod_page/content/38/insulogger%20documentacion.pdf}
}


@mastersthesis{cabrera2019,
  author = {Cabrera, V. and Lopassio, M. and Peña, M.},
  title  = {{Gurí-Z}},
  school = {Universidad de la República (Uruguay). Facultad de Ingeniería.},
  year   = {2019},
  type   = {Proyecto de fin de Curso SiSem},
  url    = {https://eva.fing.edu.uy/pluginfile.php/66263/mod_page/content/38/G7GuriZ.pdf}
}


@mastersthesis{D’Eboli2022,
  author = {D’Eboli, R. and García, R. and Schmitd, J.},
  title  = {{HeroxS: Heart Rate and Oxigygen}},
  school = {Universidad de la República (Uruguay). Facultad de Ingeniería.},
  year   = {2022},
  type   = {Proyecto de fin de Curso SiSem},
  url    = {https://iie.fing.edu.uy/ense/asign/sisem/proy/2022/Grupo%206/Documentacion.pdf}
}

@mastersthesis{Berniz2021,
  author = {Berniz, J. and Pérez, J.},
  title  = {{UARTetris: Tetris controlado por UART}},
  school = {Universidad de la República (Uruguay). Facultad de Ingeniería.},
  year   = {2021},
  type   = {Proyecto de fin de Curso SiSem},
  url    = {https://iie.fing.edu.uy/ense/asign/sisem/proy/2021/Grupo%201/Documentacion.pdf}
}

@mastersthesis{Bellati2019,
  author = {Bellati, A. and Pérez, N. and Galli, B.},
  title  = {{CCuP: Creación de Contenido para Micro-Pantallas}},
  school = {Universidad de la República (Uruguay). Facultad de Ingeniería.},
  year   = {2019},
  type   = {Proyecto de fin de Curso SiSem},
  url    = {https://iie.fing.edu.uy/ense/asign/sisem/proy/2019/Grupo%209/Documentacion.pdf}
}



%%%%%%%%%%%%%%%%%%%%%%%%%%%%%%%%%%%%%%%%%%%%%%%%%%%%%%%%%%%%%%%%%%%%
% Manuales, documentos técnicos, notas de apliación
%%%%%%%%%%%%%%%%%%%%%%%%%%%%%%%%%%%%%%%%%%%%%%%%%%%%%%%%%%%%%%%%%%%%

@manual{CodeComposer,
  title       = {{Code Composer Studio (CCS) Integrated Development Environment (IDE).}},
  institution = {{Texas Instruments Incorporated. All Rights Reserved.}},
  url         = {http://www.ti.com/tool/CCSTUDIO}
}

%%%%%%%%%%%%%%%%%%%%%%%%%%%%%%%%%%%%%%%%%%%%%%%%%%%%%%%%%%%%%%%%%%%%
% Libros
%%%%%%%%%%%%%%%%%%%%%%%%%%%%%%%%%%%%%%%%%%%%%%%%%%%%%%%%%%%%%%%%%%%%

@book{Alley2018,
  author    = {Michael Alley},
  title     = {The Craft of Scientific Writing},
  publisher = {Springer-Verlag New York},
  year      = {2018},
  note      = {{eISBN 978-1-4419-8288-9}}
}

%%%%%%%%%%%%%%%%%%%%%%%%%%%%%%%%%%%%%%%%%%%%%%%%%%%%%%%%%%%%%%%%%%%%
% Artículos científicos en revistas (Article) o en conferencias (proceedings)
%%%%%%%%%%%%%%%%%%%%%%%%%%%%%%%%%%%%%%%%%%%%%%%%%%%%%%%%%%%%%%%%%%%%


@article{Dang2015,
  author  = {Dang, D. and Lele, A. and Wakefield, E.},
  title   = {{Designing an Ultra-Low-Power (ULP) Application With SimpleLink MSP432 Microcontrollers}},
  journal = {Texas Instruments Incorporated. All Rights Reserved.},
  volume  = {SLAA668A},
  year    = {2015},
  url     = {http://www.ti.com/lit/an/slaa668a/slaa668a.pdf?&ts=1590097283394}
} 


@article{Branco2019,
  author    = {Branco, S. and Ferreira, G. and Cabral, J.},
  title     = {{Machine Learning in Resource-Scarce Embedded Systems, FPGAs, and End-Devices: A Survey}},
  journal   = {Electronics},
  volume    = {8(11)},
  publisher = {MDPI},
  year      = {2019},
  url       = {https://doi.org/10.3390/electronics8111289}
} 

@inproceedings{acosta2020,
  author    = {N. {Acosta} and N. {Barreto} and P. {Caitano} and R. {Marichal} and M. {Pedemonte} and J. {Oreggioni}},
  booktitle = {2020 IEEE International Conference on Industrial Technology (ICIT)},
  title     = {Research platform for cattle virtual fences},
  year      = {2020},
  volume    = {},
  number    = {},
  pages     = {797-802}
}


%%%%%%%%%%%%%%%%%%%%%%%%%%%%%%%%%%%%%%%%%%%%%%%%%%%%%%%%%%%%%%%%%%%%
% Páginas web
%%%%%%%%%%%%%%%%%%%%%%%%%%%%%%%%%%%%%%%%%%%%%%%%%%%%%%%%%%%%%%%%%%%%

@electronic{mtop2020,
  author       = {{Observatorio Nacional de Infraestructura, Transporte y Logística.}},
  organization = {Ministerio de Transporte y Obras Públicas},
  title        = {Parque automotor por departamento},
  month        = {Junio},
  year         = {2020},
  url          = {https://observatorio.mtop.gub.uy/automotor.php}
}


@electronic{robotec,
  author       = {{}},
  organization = {},
  title        = {},
  month        = {},
  year         = {},
  url          = {https://www.robotec.com.uy/productos/TX399}
}

